
@article{ALBERT:1993fk,
	Author = {Albert, JH and Chib, S},
	Journal = {Journal of the American Statistical Association},
	Month = jun,
	Number = {422},
	Pages = {669--679},
	Title = {Bayesian-analysis of binary and polychotomous reponse data},
	Volume = {88},
	Year = {1993}}

@article{Gottardo:2008vn,
	Author = {R. Gottardo and A. E. Raftery},
	Journal = {Journal of Computational and Graphical Statistics},
	Number = {4},
	Pages = {949--975},
	Title = {Markov Chain Monte Carlo With Mixtures of Mutually Singular Distributions},
	Volume = {17},
	Year = {2008}}

@book{McCullagh:1999kx,
	Author = {P. Mc{C}ullagh and J. A. Nelder},
	Edition = {2nd},
	Publisher = {Chapman \& Hall/CRC},
	Title = {Generalized Linear Models},
	Year = {1999}}

@book{Royle:2008kx,
	Author = {Royle, J. A. and Dorazio, Robert M.},
	Publisher = {Academic Press- Elsevier Ltd},
	Title = {Hierarchical Modeling and Inference in Ecology},
	Year = {2008}}
